<collection xmlns="http://www.loc.gov/MARC21/slim">
<record>
  <leader>00896nam0a22002051i 450 </leader>
  <controlfield tag="001">IT\ICCU\CNCE\057501</controlfield>
  <controlfield tag="005">20060621000000.0</controlfield>
  <datafield tag="012" ind1=" " ind2=" ">
    <subfield code="a">n*am t.,&amp; ratu plni (C) 1588 (R)</subfield>
    <subfield code="2">fei</subfield>
  </datafield>
  <datafield tag="100" ind1=" " ind2=" ">
    <subfield code="a">20040416d1588        0itac0103    ba</subfield>
  </datafield>
  <datafield tag="101" ind1=" " ind2=" ">
    <subfield code="a">ITA</subfield>
  </datafield>
  <datafield tag="102" ind1=" " ind2=" ">
    <subfield code="a">IT</subfield>
  </datafield>
  <datafield tag="200" ind1="1" ind2=" ">
    <subfield code="a">Vita sanctae Victoriae, Romanae virginis, et martiris. Una cum sanctae Anatholiae virginis, et audacis martirum, historia. A Ciccono Morelletto Victoriense heroico carmine, et vulgari sermone conscripta</subfield>
  </datafield>
  <datafield tag="210" ind1=" " ind2=" ">
    <subfield code="a">Anconae</subfield>
    <subfield code="c">1588</subfield>
    <subfield code="e">In Ancona</subfield>
    <subfield code="g">appresso Francesco Salvioni</subfield>
    <subfield code="h">1588</subfield>
  </datafield>
  <datafield tag="215" ind1=" " ind2=" ">
    <subfield code="a">\16! c.</subfield>
    <subfield code="d">8ʻ</subfield>
  </datafield>
  <datafield tag="620" ind1=" " ind2=" ">
    <subfield code="a">IT</subfield>
    <subfield code="d">Ancona</subfield>
  </datafield>
  <datafield tag="700" ind1=" " ind2="1">
    <subfield code="a">Morellettus,</subfield>
    <subfield code="b">Cicconus</subfield>
    <subfield code="3">IT\ICCU\CNCA\017539</subfield>
  </datafield>
  <datafield tag="712" ind1="0" ind2="0">
    <subfield code="a">Salvioni, Francesco</subfield>
    <subfield code="3">IT\ICCU\CNCT\000964</subfield>
    <subfield code="4">650</subfield>
  </datafield>
  <datafield tag="791" ind1="0" ind2="0">
    <subfield code="a">Salvionus, Franciscus</subfield>
    <subfield code="3">IT\ICCU\CNCT\005549</subfield>
    <subfield code="z">Salvioni, Francesco</subfield>
  </datafield>
  <datafield tag="801" ind1=" " ind2="3">
    <subfield code="a">IT</subfield>
    <subfield code="b">ICCU</subfield>
    <subfield code="c">20201115</subfield>
  </datafield>
  <datafield tag="899" ind1=" " ind2=" ">
    <subfield code="a">Biblioteca universitaria Alessandrina. Roma</subfield>
    <subfield code="1">RM0280</subfield>
    <subfield code="2">RML 01</subfield>
  </datafield>
</record>
</collection>
